@misc{data_go_kr,
  author       = {{data.go.kr}},
  title        = {National Health Insurance Corporation - Health Checkup Information},
  howpublished = {\url{https://www.data.go.kr/en/data/15007122/fileData.do}},
  note         = {Accessed: February 19, 2025}
}

@misc{sooyoungher_smoking_drinking,
  author       = {SooyoungHer},
  title        = {Smoking and Drinking Dataset},
  howpublished = {\url{https://www.kaggle.com/datasets/sooyoungher/smoking-drinking-dataset/data}},
  note         = {Accessed: 19 February 2025}
}

@article{levey2009new,
  title={A new equation to estimate glomerular filtration rate},
  author={Levey, Andrew S and Stevens, Lesley A and Schmid, Christopher H and Zhang, Yaping and Castro III, Alejandro F and Feldman, Harold I and Kusek, John W and Eggers, Paul and Van Lente, Frederick and Greene, Tom and others},
  journal={Annals of internal medicine},
  volume={150},
  number={9},
  pages={604--612},
  year={2009},
  publisher={American College of Physicians},
  URL = {https://doi.org/10.7326/0003-4819-150-9-200905050-00006}
}

@misc{ zscore,
author = "{Wikipedia contributors}",
title = "Standard score --- {Wikipedia}{,} The Free Encyclopedia",
year = "2024",
url = "https://en.wikipedia.org/w/index.php?title=Standard_score&oldid=1263558350",
note = "[Online; accessed 19-February-2025]"
}